@misc{ZABAGED,
    author    = {{Český úřad zeměměřický a katastrální}},
    title     = {{Základní báze geografických dat České republiky (ZABAGED)}},
    howpublished =  {https://www.cuzk.cz/ [cit. 2021-12-03].}}
}

@misc{arcgispro,
    author    = {{ArcGis Pro}},
    title     = {{Základ systému ArcGIS}},
    howpublished =  {https://www.arcdata.cz/produkty/arcgis/desktopovy-gis/arcgis-pro [cit. 2021-12-03].}}
}

@misc{zcu,
    author    = {{Západočeská univerzita v Plzni}},
    title     = {{Katedra geomatiky, Fakulta aplikovaných věd}},
    howpublished =  {https://kgm.zcu.cz/ [cit. 2021-12-03].}}
}

@misc{rgbcol,
    author    = {{Computer Science Field Guide}},
    title     = {{Computer Science Education Research Group at the University of Canterbury, New Zealand}},
    howpublished =  {https://www.csfieldguide.org.nz/en/interactives/rgb-mixer/ [cit. 2021-12-04].}}
}