@misc{ZABAGED,
    author    = {{Český úřad zeměměřický a katastrální}},
    title     = {{Základní báze geografických dat České republiky (ZABAGED)}},
    howpublished =  {https://www.cuzk.cz/ [cit. 2020-11-05].}}
}

@misc{qgis,
    author    = {{QGIS}},
    title     = {{A Free and Open Source Geographic Information System}},
    howpublished =  {https://qgis.org/en/site/index.html [cit. 2020-11-05].}}
}